@article {Donati2016,
	author = {Donati, F. and Rusponi, S. and Stepanow, S. and W{\"a}ckerlin, C. and Singha, A. and Persichetti, L. and Baltic, R. and Diller, K. and Patthey, F. and Fernandes, E. and Dreiser, J. and {\v S}ljivan{\v c}anin, {\v Z}. and Kummer, K. and Nistor, C. and Gambardella, P. and Brune, H.},
	volume = {\textbf{352}},
	pages = {318},
	year = {(2016)},
	doi = {10.1126/science.aad9898},
	journal = {\textup{Science}}
}


@article{krause_joule_2011,
	title = {Joule {Heating} and {Spin}-{Transfer} {Torque} {Investigated} on the {Atomic} {Scale} {Using} a {Spin}-{Polarized} {Scanning} {Tunneling} {Microscope}},
	volume = {107},
	doi = {10.1103/PhysRevLett.107.186601},
	journal = {Physical Review Letters},
	author = {Krause, S. and Herzog, G. and Schlenhoff, A. and Sonntag, A. and Wiesendanger, R.},
	year = {2011}}



@article{Natterer2017,
	Author = {Natterer, F. and Yang, K. and Paul, W. and Willke, P. and Choi, T. and Greber, T. and Heinrich, A. and Lutz, C.},
	Journal = {\textup{Nature}},
	Pages = {226},
	Title = {Reading and writing single-atom magnets},
	Volume = {\textbf{543}},
	year = {(2017)},
	doi = {10.1038/nature21371}}
	
@article{Natterer2018,
  title = {Thermal and Magnetic-Field Stability of Holmium Single-Atom Magnets},
  author = {Natterer, F. and Donati, F. and Patthey, F. and Brune, H.},
  journal = {\textup{Physical Review Letters}},
  volume = {\textbf{121}},
  pages = {027201},
  year = {(2018)},
  doi = {10.1103/PhysRevLett.121.027201},
}

@article{rusponi2005,
    author = {Rusponi,S. and Weiss,N. and Cren,T. and Epple,M.  and Brune,H. },
    title = {High tunnel magnetoresistance in spin-polarized scanning tunneling microscopy of {C}o nanoparticles on {P}t(111)},
    journal = {\textup{Applied Physics Letters}},
    volume = {\textbf{87}},
    pages = {162514},
    year = {(2005)},
    doi = {10.1063/1.2077856},
    }
    
@article{Stevens_1952,
	doi = {10.1088/0370-1298/65/3/308},
	year = {(1952)},
	volume = {\textbf{65}},
	journal = {\textup{Proceedings of the Physical Society}},
	pages = {209},
	author = {Stevens, K.},
	title = {Matrix Elements and Operator Equivalents Connected with the Magnetic Properties of Rare Earth Ions}}

@article{Hubner2014,
      title = {Symmetry effects on the spin switching of adatoms},
      author = {H\"ubner, C. and Baxevanis, B. and Khajetoorians, A. and Pfannkuche, D.},
      journal = {\textup{Physical Review B}},
      volume = {\textbf{90}},
      pages = {155134},
      year = {(2014)},
      doi = {10.1103/PhysRevB.90.155134},
      }
      
@article{sun2000,
      title = {Spin-current interaction with a monodomain magnetic body: A model study},
      author = {Sun, J.},
      journal = {\textup{Physical Review B}},
      volume = {\textbf{62}},
      pages = {570},
      year = {(2000)},
      doi = {10.1103/PhysRevB.62.570}
    }
@article{baltic2016,
    author = {Baltic, R. and Pivetta, M. and Donati, F. and WÃ¤ckerlin, C. and Singha, A. and Dreiser, J. and Rusponi, S. and Brune, H.},
    title = {Superlattice of Single Atom Magnets on Graphene},
    journal = {\textup{Nano Letters}},
    volume = {\textbf{16}},
    pages = {7610},
    year = {(2016)},
    doi = {10.1021/acs.nanolett.6b03543}
    }
        
@article{baltic2018,
      title = {Magnetic properties of single rare-earth atoms on graphene/{I}r(111)},
      author = {Baltic, R. and Donati, F. and Singha, A. and W\"ackerlin, C. and Dreiser, J. and Delley, B. and Pivetta, M. and Rusponi, S. and Brune, H.},
      journal = {\textup{Physical Review B}},
      volume = {\textbf{98}},
      pages = {024412},
      year = {(2018)},
      doi = {10.1103/PhysRevB.98.024412}
    }

@article{Singha2017,
      title = {4f occupancy and magnetism of rare-earth atoms adsorbed on metal substrates},
      author = {Singha, A. and Baltic, R. and Donati, F. and W\"ackerlin, C. and Dreiser, J. and Persichetti, L. and Stepanow, S. and Gambardella, P. and Rusponi, S. and Brune, H.},
      journal = {\textup{Physical Review B}},
      volume = {\textbf{96}},
      pages = {224418},
      year = {(2017)},
      doi = {10.1103/PhysRevB.96.224418}
    }

@article{Singha2018,
      title = {Spin Excitations in a $4f\ensuremath{-}3d$ Heterodimer on {M}g{O}},
      author = {Singha, A. and Donati, F. and Natterer, F. and W\"ackerlin, C. and Stavri\ifmmode \acute{c}\else \'{c}\fi{}, S. and Popovi\ifmmode \acute{c}\else \'{c}\fi{}, Z. and \ifmmode \check{S}\else \v{S}\fi{}ljivan\ifmmode \check{c}\else \v{c}\fi{}anin, \ifmmode \check{Z}\else \v{Z}\fi{}. and Patthey, F. and Brune, H.},
      journal = {\textup{Physical Review Letters}},
      volume = {\textbf{121}},
      pages = {257202},
      year = {(2018)},
      doi = {10.1103/PhysRevLett.121.257202}
    }

@article{Forrester2018,
        title = {Antiferromagnetic {M}n{N}i tips for spin-polarized scanning probe microscopy},
        author = {Forrester,P.  and Bilgeri,T.  and Patthey,F.  and Brune,H.  and Natterer,F. },
        journal = {\textup{Review of Scientific Instruments}},
        volume = {\textbf{89}},
        pages = {123706},
        year = {(2018)},
        doi = {10.1063/1.5042530}
    }


    
@article{Forrester2019,
    author = {Forrester, P. and Patthey, F. and Fernandes, E. and Sblendorio, D. and Brune, H. and Natterer, F.},
    title = {Quantum state manipulation of single atom magnets using the hyperfine interaction},
    journal = {\textup{Physical Review B}},
    volume = {\textbf{100}},
    pages = {180405(R)},
    year = {(2019)},
    doi = {10.1103/PhysRevB.100.180405}
    }
    
@article{pivetta2018,
      title = {Direct capture and electrostatic repulsion in the self-assembly of rare-earth atom superlattices on graphene},
      author = {Pivetta, M. and Rusponi, S. and Brune, H.},
      journal = {\textup{Physical Review B}},
      volume = {\textbf{98}},
      pages = {115417},
      numpages = {8},
      year = {(2018)},
      doi = {10.1103/PhysRevB.98.115417}
    }
    
@article{donati2014,
      title = {Tailoring the Magnetism of {C}o Atoms on Graphene through Substrate Hybridization},
      author = {Donati, F. and Gragnaniello, L. and Cavallin, A. and Natterer, F. and Dubout, Q. and Pivetta, M. and Patthey, F. and Dreiser, J. and Piamonteze, C. and Rusponi, S. and Brune, H.},
      journal = {\textup{Physical Review Letters}},
      volume = {\textbf{113}},
      pages = {177201},
      year = {(2014)},
      doi = {10.1103/PhysRevLett.113.177201}
    }
    
@article{Gaisch1992,
    title = {Low-temperature ultra-high-vacuum scanning tunneling microscope},
    journal = {\textup{Ultramicroscopy}},
    volume = {\textbf{42}},
    pages = {1621},
    year = {(1992)},
    doi = {10.1016/0304-3991(92)90495-6},
    author = {Gaisch, R. and Gimzewski, J. and Reihl, B. and Schlittler, R. and Tschudy, M. and Schneider, W.}
    }

@article{delgado2010,
      title = {Spin dynamics of current-driven single magnetic adatoms and molecules},
      author = {Delgado, F. and Fern\'andez-Rossier, J.},
      journal = {\textup{Physical Review B}},
      volume = {\textbf{82}},
      pages = {134414},
      year = {(2010)},
      doi = {10.1103/PhysRevB.82.134414}
    }
    
@article{loth2010,
       author = {Loth, S. and von Bergmann, K. and Ternes, M. and Otte, A. and
    	Lutz, C. and Heinrich, A.},
        title = "{Controlling the state of quantum spins with electric currents}",
        journal = {\textup{Nature Physics}},
        year = {(2010)},
        volume = {\textbf{6}},
        pages = {340},
        doi = {10.1038/nphys1616}
    }
@article{Loth2012,
    	author = {Loth, S. and Baumann, S. and Lutz, C. and Eigler, D. and Heinrich, A.},
    	title = {Bistability in Atomic-Scale Antiferromagnets},
    	volume = {\textbf{335}},
    	pages = {196},
    	year = {(2012)},
    	doi = {10.1126/science.1214131},
    	journal = {\textup{Science}}
    }
    
@article{Khajetoorians2013,
    	author = {Khajetoorians, A. and Baxevanis, B. and H{\"u}bner, C. and Schlenk, T. and Krause, S. and Wehling, T. and Lounis, S. and Lichtenstein, A. and Pfannkuche, D. and Wiebe, J. and Wiesendanger, R.},
    	title = {Current-Driven Spin Dynamics of Artificially Constructed Quantum Magnets},
    	volume = {\textbf{339}},
    	pages = {55},
    	year = {(2013)},
    	doi = {10.1126/science.1228519},
    	journal = {\textup{Science}}
    }

@article{zener1932,
    author = {Zener, C.  and Fowler, R. },
    title = {Non-adiabatic crossing of energy levels},
    journal = {\textup{Proceedings of the Royal Society of London. Series A, Containing Papers of a Mathematical and Physical Character}},
    volume = {\textbf{137}},
    pages = { 696},
    year = {(1932)},
    doi = {10.1098/rspa.1932.0165}
    }
    
@article{nat2013,
  title = {Quantifying residual hydrogen adsorption in low-temperature {STM}s},
  author = {Natterer, F. and Patthey, F. and Brune, H.},
  journal = {Surface Science},
  volume = {615},
  pages = {\textbf{80-87}},
  year = {(2013)},
  doi = {10.1016/j.susc.2013.04.008}
}


@article {Heinrich2004,
	author = {Heinrich, A. and Gupta, J. and Lutz, C. and Eigler, D.},
	title = {Single-Atom Spin-Flip Spectroscopy},
	volume = {\textbf{306}},
	pages = {466-469},
	year = {(2004)},
	doi = {10.1126/science.1101077},
	journal = {Science}
}


@article{fern2009,
  title = {Theory of Single-Spin Inelastic Tunneling Spectroscopy},
  author = {Fern\'andez-Rossier, J.},
  journal = {Physical Review Letters},
  volume = {\textbf{102}},
  pages = {256802},
  year = {(2009)},
  doi = {10.1103/PhysRevLett.102.256802}
}

@article{donati2013,
  title = {Magnetic Moment and Anisotropy of Individual Co Atoms on Graphene},
  author = {Donati, F. and Dubout, Q. and Aut\`es, G. and Patthey, F. and Calleja, F. and Gambardella, P. and Yazyev, O. V. and Brune, H.},
  journal = {Physical Review Letters},
  volume = {\textbf{111}},
  pages = {236801},
  year = {(2013)},
  doi = {10.1103/PhysRevLett.111.236801}
}

    
@article{fort1998,
  title = {Mixed Quantum-Thermal Relaxation in ${\mathrm{Mn}}_{12}$ Acetate Molecules},
  author = {Fort, A. and Rettori, A. and Villain, J. and Gatteschi, D. and Sessoli, R.},
  journal = {Physical Review Letters},
  volume = {\textbf{80}},
  pages = {612-615},
  year = {{1998}},
  doi = {10.1103/PhysRevLett.80.612}}
  
@article{pivetta2020,
  title = {\textit{submitted}},
  author = {Pivetta, M. and Rusponi, S. and Patthey, F. and Brune, H. },
  journal = {Physical Review X},
  year = {{2020}}}
  
 
@article{cervetti2016,
	author = {Cervetti, C. and Rettori, A. and Pini, M. and Cornia, A. and Repoll{\'e}s, A. and Luis, F. and Dressel, M. and Rauschenbach, S. and Kern, K. and Burghard, M. and Bogani, L.},
	doi = {10.1038/nmat4490},
	journal = {Nature Materials},
	pages = {164-168},
	title = {The classical and quantum dynamics of molecular spins on graphene},
	volume = {\textbf{15}},
	year = {{2016}}}
	
@article{villain1997,
	author = {Villain, J. and W\"urger, A. and Fort, A. and Rettori, A.},
	title = {Effet tunnel dans les syst\`emes magn\'etiques : de la description microscopique et d\'eterministe \`a l'\'equation ma\^{\i}tresse},
	doi= {10.1051/jp1:1997156},
	journal = {Journal de Physique I France},
	year = {{1997}},
	volume = {\textbf{7}},
	pages = {1583-1594}}
	
@article{anderson1966,
  title = {Localized Magnetic States and Fermi-Surface Anomalies in Tunneling},
  author = {Anderson, P.},
  journal = {Physical Review Letters},
  volume = {\textbf{17}},
  pages = {95-97},
  numpages = {0},
  year = {{1966}},
  doi = {10.1103/PhysRevLett.17.95}}

@article{schrieffer1966,
  title = {Relation between the Anderson and Kondo Hamiltonians},
  author = {Schrieffer, J. and Wolff, P.},
  journal = {Physical Review},
  volume = {\textbf{149}},
  pages = {491-492},
  year = {{1966}},
  doi = {10.1103/PhysRev.149.491}}

@article{appelbaum1967,
  title = {Exchange Model of Zero-Bias Tunneling Anomalies},
  author = {Appelbaum, J.},
  journal = {Physical Review},
  volume = {\textbf{154}},
  pages = {633-643},
  year = {{1967}},
  doi = {10.1103/PhysRev.154.633}}
  
@article{Ternes2015,
	doi = {10.1088/1367-2630/17/6/063016},
	year = {{2015}},
	volume = {\textbf{17}},
	author = {Ternes, M.},
	title = {Spin excitations and correlations in scanning tunneling spectroscopy},
	journal = {New Journal of Physics}}
	
@article{dreiser2014,
    author = {Dreiser,J.  and WesterstrÃ¶m,R.  and Piamonteze,C.  and Nolting,F.  and Rusponi,S. and Brune,H.  and Yang,S.  and Popov,A. and Dunsch,L.  and Greber,T.},
    title = {X-ray induced demagnetization of single-molecule magnets},
    journal = {Applied Physics Letters},
    volume = {\textbf{105}},
    year = {{2014}},
    doi = {10.1063/1.4891485}}

@article{Tsukahara2009,
  title = {Adsorption-Induced Switching of Magnetic Anisotropy in a Single Iron(II) Phthalocyanine Molecule on an Oxidized Cu(110) Surface},
  author = {Tsukahara, N. and Noto, K. and Ohara, M. and Shiraki, S. and Takagi, N. and Takata, Y. and Miyawaki, J. and Taguchi, M. and Chainani, A. and Shin, S. and Kawai, M.},
  journal = {Physical Review Letters},
  volume = {\textbf{102}},
  year = {{2009}},
  doi = {10.1103/PhysRevLett.102.167203}}
  
@article {Hirjibehedin2007,
	author = {Hirjibehedin, C. and Lin, C. and Otte, A. and Ternes, M. and Lutz, C. and Jones, B. and Heinrich, A.},
	title = {Large Magnetic Anisotropy of a Single Atomic Spin Embedded in a Surface Molecular Network},
	volume = {\textbf{317}},
	pages = {1199-1203},
	year = {{2007}},
	doi = {10.1126/science.1146110},
	journal = {Science}}
	
@article{Delin1997,
  title = {Method for Calculating Valence Stability in Lanthanide Systems},
  author = {Delin, A. and Fast, L. and Johansson, B. and Wills, J. and Eriksson, O.},
  journal = {Physical Review Letters},
  volume = {\textbf{79}},
  pages = {4637-4640},
  year = {{1997}},
  doi = {10.1103/PhysRevLett.79.4637}}

@article{yang2019,
  title = {Tuning the Exchange Bias on a Single Atom from 1 mT to 10 T},
  author = {Yang, K. and Paul, W. and Natterer, F. and Lado, J. and Bae, Y. and Willke, P. and Choi, T.and Ferr\'on, A. and Fern\'andez-Rossier, J. and Heinrich, A. and Lutz, C.},
  journal = {Physical Review Letters},
  volume = {\textbf{122}},
  pages = {227203},
  year = {{2019}},
  doi = {10.1103/PhysRevLett.122.227203}}

	

